@techreport{UTAreport,
author = {Robertson, Jaron and Callison, Eric and Taylor, Ryan},
title = {{Utah Transit Authority Microtransit Planning Project}},
url = {https://www.rideuta.com/-/media/Files/About-UTA/Reports/2021/UTA_Microtransit_Consulting_Report_Final.ashx?la=en},
year = {2020}
}
@misc{UTAonDemand,
author = {{Utah Transit Authority}},
title = {{UTA On Demand}},
url = {https://www.rideuta.com/Services/UTA-On-Demand},
urldate = {2021-10-01}
}
